<collection xmlns="http://www.loc.gov/MARC21/slim">
<record>
  <leader>01416nam0a2200265 i 450 </leader>
  <controlfield tag="001">IT\ICCU\CNCE\060492</controlfield>
  <controlfield tag="005">20160113000000.0</controlfield>
  <datafield tag="012" ind1=" " ind2=" ">
    <subfield code="a">eao, rie, i,ma SeAs (C) 1557 (R)</subfield>
    <subfield code="2">fei</subfield>
  </datafield>
  <datafield tag="100" ind1=" " ind2=" ">
    <subfield code="a">20050504d1557        0itac0103    ba</subfield>
  </datafield>
  <datafield tag="101" ind1=" " ind2=" ">
    <subfield code="a">ITA</subfield>
  </datafield>
  <datafield tag="102" ind1=" " ind2=" ">
    <subfield code="a">IT</subfield>
  </datafield>
  <datafield tag="200" ind1="1" ind2=" ">
    <subfield code="a">Lamento doloroso dell&apos;Italia commemorando gli huomini illustri in arme, &amp; in lettere in quella creati. Et finalmente riccorrendo  ̉principi, al sommo pontefice, et all&apos;altissimo Iddio, per aiuto delle sue miserie</subfield>
  </datafield>
  <datafield tag="210" ind1=" " ind2=" ">
    <subfield code="a">\Venezia</subfield>
    <subfield code="c">Matteo Pagano!</subfield>
    <subfield code="e">Stampata in Vinegia</subfield>
    <subfield code="g">per Matthio Pagano in Frezzaria al segno della Fede</subfield>
    <subfield code="h">1557</subfield>
  </datafield>
  <datafield tag="215" ind1=" " ind2=" ">
    <subfield code="a">\16! c.</subfield>
    <subfield code="d">8ʻ</subfield>
  </datafield>
  <datafield tag="620" ind1=" " ind2=" ">
    <subfield code="a">IT</subfield>
    <subfield code="d">Venezia</subfield>
  </datafield>
  <datafield tag="712" ind1="0" ind2="0">
    <subfield code="a">Pagano, Matteo</subfield>
    <subfield code="3">IT\ICCU\CNCT\000430</subfield>
    <subfield code="4">650</subfield>
  </datafield>
  <datafield tag="791" ind1="0" ind2="2">
    <subfield code="a">℗al segno della ℗Fede</subfield>
    <subfield code="c"> &lt;1542-1562&gt;</subfield>
    <subfield code="3">IT\ICCU\CNCT\002837</subfield>
    <subfield code="z">Pagano, Matteo</subfield>
  </datafield>
  <datafield tag="791" ind1="0" ind2="0">
    <subfield code="a">Pagan, Matthio</subfield>
    <subfield code="3">IT\ICCU\CNCT\005257</subfield>
    <subfield code="z">Pagano, Matteo</subfield>
  </datafield>
  <datafield tag="791" ind1="0" ind2="0">
    <subfield code="a">Paganus, Matheus</subfield>
    <subfield code="3">IT\ICCU\CNCT\005258</subfield>
    <subfield code="z">Pagano, Matteo</subfield>
  </datafield>
  <datafield tag="801" ind1=" " ind2="3">
    <subfield code="a">IT</subfield>
    <subfield code="b">ICCU</subfield>
    <subfield code="c">20201115</subfield>
  </datafield>
  <datafield tag="899" ind1=" " ind2=" ">
    <subfield code="a">Biblioteca di Casa Carducci. Bologna</subfield>
    <subfield code="1">BO0283</subfield>
    <subfield code="2">UBO GC</subfield>
  </datafield>
  <datafield tag="899" ind1=" " ind2=" ">
    <subfield code="a">Biblioteca nazionale Braidense. Milano</subfield>
    <subfield code="1">MI0185</subfield>
    <subfield code="2">MIL NB</subfield>
  </datafield>
  <datafield tag="899" ind1=" " ind2=" ">
    <subfield code="a">Biblioteca Palatina. Parma</subfield>
    <subfield code="1">PR0072</subfield>
    <subfield code="2">PAR PA</subfield>
  </datafield>
  <datafield tag="911" ind1=" " ind2=" ">
    <subfield code="a">Sul front.</subfield>
    <subfield code="9">IT\ICCU\CNCM\001519</subfield>
  </datafield>
  <datafield tag="921" ind1=" " ind2=" ">
    <subfield code="a">IT\ICCU\CNCM\001519</subfield>
    <subfield code="b">Fede (donna seduta tiene nella mano sinistra un calice e con la destra regge una croce)</subfield>
    <subfield code="c">Z533</subfield>
    <subfield code="d">Dimensioni: 5,3 x 7,3</subfield>
    <subfield code="f">FEDE</subfield>
    <subfield code="f">CALICE</subfield>
    <subfield code="f">CROCE</subfield>
    <subfield code="f">DONNA</subfield>
    <subfield code="g">[non prima del 1542]-1570</subfield>
  </datafield>
</record>
</collection>
